% Encoding: UTF-8

@Article{Rocha2011,
  author  = {Rocha, Henrique and Valente, Marco Tulio},
  journal = {International Conference on Software Engineering and Knowledge Engineering},
  title   = {How Annotations are Used in Java: An Empirical Study},
  year    = {2011},
}

@Article{Yu2019,
  author  = {Zhongxing Yu and Chenggang Bai and Lionel Seinturier and Martin Monperrus},
  journal = {IEEE Transactions on Software Engineering},
  title   = {Characterizing the Usage, Evolution and Impact of Java Annotations in Practice},
  year    = {2019},
}

@InBook{Gao2019,
  author    = {Weiqi Gao},
  chapter   = {Properties and Bindings},
  pages     = {81--141},
  publisher = {Stephen Chin, Johan Vos, James Weaver},
  title     = {The Definitive Guide to Modern Java Clients with JavaFX},
  year      = {2019},
}

@InBook{Anderson2019,
  author    = {Gail Anderson and Paul Anderson},
  chapter   = {JavaFX Fundamentals},
  pages     = {33--80},
  publisher = {Stephen Chin, Johan Vos, James Weaver},
  title     = {The Definitive Guide to Modern Java Clients with JavaFX},
  year      = {2019},
}

@Misc{Deacon1995,
  author       = {John Deacon},
  howpublished = {Online},
  title        = {Model-View-Controller (MVC) Architecture},
  year         = {1995},
}

@InProceedings{Jha2020,
  author = {Jha, Ajay and Nadi, Sarah},
  title  = {Annotation practices in Android apps},
  year   = {2020},
  doi    = {10.1109/SCAM51674.2020.00020},
}

@InProceedings{Gamma1993,
  author    = {Gamma, Erich and Helm, Richard and Johnson, Ralph and Vlissides, John},
  title     = {Design Patterns: Elements of Reusable Object-Oriented Software},
  year      = {1994},
  pages     = {1--4, 293--303},
  publisher = {Addison-Wesley Longman Publishing Co., Inc.},
  isbn      = {978-0201633610},
}

@Misc{Meffert2006,
  author = {Meffert, Klaus and Philippow, Ilka},
  title  = {Annotationen zur Anwendung beim Refactoring},
  year   = {2006},
}

@InBook{Gosling2005,
  author = {Gosling, James and Joy, Bill and Steele, Guy and Bracha, Gilad and Buckley, Alex and Smith, David and Bierman, Gavin},
  pages  = {356--386},
  title  = {The Java Language Specification, Java SE 16 Edition},
  year   = {2005},
}

@InProceedings{Pigula2015,
  author    = {Pigula, Peter and Nosal, Milan},
  booktitle = {Federated Conference on Computer Science and Information Systems (FedCSIS)},
  title     = {Unified compile-time and runtime java annotation processing},
  year      = {2015},
  pages     = {965--975},
  doi       = {10.15439/2015F179},
}

@Article{Li2017,
  author  = {Li, Yue and Tan, Tian and Xue, Jingling},
  journal = {ACM Transactions on Software Engineering and Methodology},
  title   = {Understanding and Analyzing Java Reflection},
  year    = {2017},
  volume  = {28},
  doi     = {10.1145/3295739},
}

@InBook{Danelutto2007,
  author = {Danelutto, Marco and Pasin, Marcelo and Vanneschi, Marco and Dazzi, Patrizio and Laforenza, Domenico and Presti, Luigi},
  pages  = {83--96},
  title  = {PAL: Exploiting Java Annotations for Parallelism},
  year   = {2007},
  isbn   = {978-0-387-72811-7},
  doi    = {10.1007/978-0-387-72812-4_7},
}

@InProceedings{Porubaen2009,
  author    = {Porubän, Jaroslav and Forgáč, Michal and Sabo, Miroslav},
  booktitle = {International Multiconference on Computer Science and Information Technology},
  title     = {Annotation based parser generator},
  year      = {2009},
  pages     = {707--714},
  doi       = {10.1109/IMCSIT.2009.5352763},
}

@Misc{Mancini,
  author = {Federico Mancini and Dag Hovland and Khalid A. Mughal},
  title  = {Investigating the limitations of Java annotations for input validation},
  year   = {2010},
}

@Misc{Oracle2017,
  author = {Oracle},
  note   = {\\\href{https://docs.oracle.com/javase/specs/jls/se7/html/jls-9.html\#jls-9.6} {\nolinkurl{https://docs.oracle.com/javase/specs/jls/se7/html/jls-9.html\#jls-9.6}}},
  title  = {Java SE Specifications},
  year   = {2017},
  url    = {https://docs.oracle.com/javase/specs/jls/se7/html/jls-9.html#jls-9.6},
}

@Misc{Forman2004,
  author = {Ira R. Forman and Nate Forman and John Vlissides},
  title  = {Java Reflection in Action},
  year   = {2004},
}

@InBook{Schildt2019,
  author    = {Schildt, Herbert},
  chapter   = {Enumerations, Autoboxing, and Annotations},
  pages     = {452--506},
  publisher = {New York: McGraw-Hill Education},
  title     = {Java: The complete reference},
  year      = {2019},
}

@InBook{Premkumar2010,
  author    = {Premkumar, Lawrence and Mohan, Praveen},
  chapter   = {Introduction to JavaFX},
  pages     = {9--31},
  publisher = {Apress},
  title     = {Beginning JavaFX{\texttrademark}},
  year      = {2010},
  address   = {Berkeley, CA},
  isbn      = {978-1-4302-7198-7},
  doi       = {10.1007/978-1-4302-7198-7_2},
  url       = {https://doi.org/10.1007/978-1-4302-7198-7_2},
}

@Book{Sharan2015,
  author    = {Sharan, Kishori},
  publisher = {Apress},
  title     = {Learn JavaFX 8: Building User Experience and Interfaces with Java 8},
  year      = {2015},
  address   = {USA},
  edition   = {1},
  isbn      = {148421143X},
}

@InBook{Vos2018,
  author    = {Vos, Johan and Chin, Stephen and Gao, Weiqi and Weaver, James and Iverson, Dean},
  chapter   = {Using Scene Builder to Create a User Interface},
  pages     = {129--191},
  publisher = {Apress},
  title     = {Pro JavaFX 9: A Definitive Guide to Building Desktop, Mobile, and Embedded Java Clients},
  year      = {2018},
  address   = {Berkeley, CA},
  isbn      = {978-1-4842-3042-8},
  doi       = {10.1007/978-1-4842-3042-8_4},
  url       = {https://doi.org/10.1007/978-1-4842-3042-8_4},
}

@InBook{Hughes2013,
  author    = {Hughes, John F. and van Dam, Andries and McGuire, Morgan and Sklar, David F. and Foley, James D. and Feiner, Steven and Akeley, Kurt},
  chapter   = {Scene Graphs},
  pages     = {351--353},
  publisher = {Addison-Wesley},
  title     = {Computer Graphics: Principles and Practice},
  year      = {2013},
  address   = {Upper Saddle River, NJ},
  edition   = {3},
  isbn      = {978-0-321-39952-6},
}

@InProceedings{Kruk2018,
  author    = {Kruk, G. and Da Silva Alves, O. and Molinari, L. and Roux, E.},
  booktitle = {Proc. of International Conference on Accelerator and Large Experimental Control Systems (ICALEPCS'17)},
  title     = {{B}est {P}ractices for {E}fficient {D}evelopment of {J}ava{FX} {A}pplications},
  year      = {2018},
  number    = {16},
  pages     = {1078--1083},
  publisher = {JACoW},
  doi       = {https://doi.org/10.18429/JACoW-ICALEPCS2017-THAPL02},
  isbn      = {978-3-95450-193-9},
}

@InBook{Steyer2014,
  author  = {Steyer, Ralph},
  chapter = {Behind the scene -- der Aufbau von FXML},
  pages   = {123--142},
  title   = {Einführung in JavaFX: Moderne GUIs für RIAs und Java-Applikationen},
  year    = {2014},
  isbn    = {978-3-658-02835-0},
  doi     = {10.1007/978-3-658-02836-7_5},
}

@InBook{Juneau2013,
  author    = {Juneau, Josh},
  chapter   = {JavaFX in the Enterprise},
  pages     = {615--646},
  publisher = {Apress},
  title     = {Java EE 7 Recipes: A Problem-Solution Approach},
  year      = {2013},
  address   = {Berkeley, CA},
  isbn      = {978-1-4302-4426-4},
  doi       = {10.1007/978-1-4302-4426-4_18},
}

@Misc{Hommel2013,
  author  = {Hommel, Scott},
  month   = apr,
  note    = {\\\href{https://docs.oracle.com/javafx/2/binding/jfxpub-binding.htm} {\nolinkurl{https://docs.oracle.com/javafx/2/binding/jfxpub-binding.htm}}},
  title   = {Using JavaFX Properties and Binding},
  year    = {2013},
  journal = {Using JavaFX Properties and Binding | JavaFX 2 Tutorials and Documentation},
  url     = {https://docs.oracle.com/javafx/2/binding/jfxpub-binding.htm},
}

@InProceedings{Salvaneschi2015,
  author = {Salvaneschi, Guido and Margara, Alessandro and Tamburrelli, Giordano},
  title  = {Reactive Programming: A Walkthrough},
  year   = {2015},
  pages  = {953--954},
  doi    = {10.1109/ICSE.2015.303},
}

@Article{Maier2010,
  author = {Maier, Ingo and Rompf, Tiark and Odersky, Martin},
  title  = {Deprecating the Observer Pattern},
  year   = {2010},
}

@InBook{Grant2014,
  author    = {Grant, Andrew},
  chapter   = {Introduction to MVC},
  pages     = {47--56},
  publisher = {Apress},
  title     = {Beginning AngularJS},
  year      = {2014},
  address   = {Berkeley, CA},
  isbn      = {978-1-4842-0160-2},
  doi       = {10.1007/978-1-4842-0160-2_3},
}

@Article{Burbeck1992,
  author = {Steve Burbeck},
  title  = {Applications programming in smalltalk-80: how to use model-view-controller (mvc)},
  year   = {1992},
}

@Article{Tratt2009,
  author  = {Laurence Tratt},
  journal = {Advances in Computers},
  title   = {Dynamically Typed Languages},
  year    = {2009},
  pages   = {149-184},
  volume  = {77},
  editor  = {Marvin V. Zelkowitz},
}

@TechReport{Winter2006,
  author = {Winter, Collin and Lownds, Tony},
  title  = {Function Annotations},
  year   = {2006},
  note   = {\\\href{https://www.python.org/dev/peps/pep-3107/} {\nolinkurl{https://www.python.org/dev/peps/pep-3107/}}},
  number = {3107},
  type   = {PEP},
  url    = {https://www.python.org/dev/peps/pep-3107/},
}

@TechReport{Rossum2014,
  author = {van Rossum, Guido and Lehtosalo, Jukka and Langa, Łukasz},
  title  = {Function Annotations},
  year   = {2014},
  note   = {\\\href{https://www.python.org/dev/peps/pep-0484/} {\nolinkurl{https://www.python.org/dev/peps/pep-0484/}}},
  number = {484},
  type   = {PEP},
  url    = {https://www.python.org/dev/peps/pep-0484/},
}

@Article{Khan2021,
  author  = {Khan, Faizan and Chen, Boqi and Varro, Daniel and Mcintosh, Shane},
  journal = {IEEE Transactions on Software Engineering},
  title   = {An Empirical Study of Type-Related Defects in Python Projects},
  year    = {2021},
  doi     = {10.1109/TSE.2021.3082068},
}

@InBook{Rother2017,
  author    = {Rother, Kristian},
  chapter   = {Static Typing in Python},
  pages     = {231--244},
  publisher = {Apress},
  title     = {Pro Python Best Practices: Debugging, Testing and Maintenance},
  year      = {2017},
  address   = {Berkeley, CA},
  isbn      = {978-1-4842-2241-6},
  doi       = {10.1007/978-1-4842-2241-6_16},
}

@Book{Albahari2019,
  author    = {Joseph Albahari and Eric Johannsen},
  publisher = {O'Reilly Media},
  title     = {C\# 8.0 in a Nutshell: The Definitive Reference},
  year      = {2019},
  isbn      = {9781492051138},
  series    = {In a Nutshell},
}

@InProceedings{Cazzola2005,
  author    = {Cazzola, Walter and Cisternino, Antonio and Colombo, Diego},
  booktitle = {Proceedings of the ACM Symposium on Applied Computing},
  title     = {[a]C\#: C\# with a customizable code annotation mechanism},
  year      = {2005},
  pages     = {1264--1268},
  volume    = {2},
  doi       = {10.1145/1066677.1066964},
}

@Article{Sulir2016,
  author  = {Matúš Sulír and Milan Nosáľ and Jaroslav Porubän},
  journal = {Computer Languages, Systems \& Structures},
  title   = {Recording concerns in source code using annotations},
  year    = {2016},
  issn    = {1477-8424},
  pages   = {44--65},
  volume  = {46},
  doi     = {https://doi.org/10.1016/j.cl.2016.07.003},
}

@Article{Miroslav2009,
  author  = {Miroslav, Sabo and Jaroslav, Porubän},
  journal = {Journal of Computer Science and Control Systems},
  title   = {Preserving Design Patterns using Source Code Annotations},
  year    = {2009},
  volume  = {2},
}

@Article{Kuleshov2007,
  author = {Kuleshov, Eugene},
  title  = {Using the ASM framework to implement common Java bytecode transformation patterns},
  year   = {2007},
}

@Book{Reineke2005,
  author    = {Reineke, Detlef},
  publisher = {Gunter Narr Verlag},
  title     = {Einführung in die Softwarelokalisierung},
  year      = {2005},
  pages     = {2-3},
}

@Book{Deitsch2001,
  author    = {Deitsch, Andrew and Czarnecki, David and Loukides, Mike},
  publisher = {O'Reilly \& Associates, Inc.},
  title     = {Java Internationalization},
  year      = {2001},
  address   = {USA},
  isbn      = {0596000197},
}

@Comment{jabref-meta: databaseType:bibtex;}
